\usepackage{url}

@misc{avatrade_2020, 
title={Ethereum Trading in 2020 - Unique Opportunity}, 
howpublished ={https://www.avatrade.com.au/forex/cryptocurrencies/ethereum}, 
journal={AvaTrade}, 
year={2020 }, month={Jun}}



@misc{eth, title={Ethereum}, howpublished={https://ethereum.org/en/}, journal={ethereum.org}}


@misc{retail, 
title={Most Bitcoin Traders are Retail, But Pros Dominate the Market - Report}, 
howpublished ={https://cryptonews.com/news/most-bitcoin-traders-are-retail-but-pros-dominate-the-market-6894.htm}, 
year={2020 }, month={Jun}}

@misc{sd, title={How are crypto prices determined?}, howpublished={https://coinrivet.com/guides/what-is-cryptocurrency/how-cryptocurrencies-maintain-their-prices/}}

@misc{perp, title={Deribit Perpetual}, howpublished={https://www.deribit.com/pages/docs/perpetual}}

@misc{fut, title={Deribit Furtures}, howpublished={https://www.deribit.com/pages/docs/futures}}

@misc{liq, title={Liquidation}, howpublished={https://insights.deribit.com/education/liquidation}}


@misc{rri, 
title={Risk-On Risk-Off}, 
howpublished ={https://www.investopedia.com/terms/r/risk-on-risk-off.asp}, 
journal={Investopedia}, 
year={2020 }, month={Mar}}

@misc{tr, 
title={Average number of daily cryptocurrency transactions in 2nd quarter of 2020, by type}, 
howpublished ={https://www.statista.com/statistics/730838/number-of-daily-cryptocurrency-transactions-by-type}, 
author = {Jennifer Rudden}, 
year={2020}, month={Aug}}

@misc{op, 
title={How Options Expiration Affects Stock Prices}, 
howpublished ={https://www.thestreet.com/investing/how-options-expiration-affects-stock-prices-11346823}, 
author = {JARED WOODARDDE}, 
year={2011}, month={Dec}}